@BOOKLET{Madsen2010,
  author={Lars Madsen},
  title={Introduktion til {LaTeX}},
  year={2010},
  howpublished={\url{http://www.imf.au.dk/system/latex/bog/}}
 }

@misc{Oetiker2010,
  author={Tobias Oetiker},
  title={The Not So Short A Introduction to {LaTeX2e}},
  year={2010},
  howpublished={\url{http://tobi.oetiker.ch/lshort/lshort.pdf}}
 }

@BOOK{Mittelbach2005,
  author={Frank Mittelbach},
  edition={2. ed.},
  publisher={Addison-Wesley},
  title={The LATEX companion},
  year=2005
}

@article{reed1960polynomial,
  title={Polynomial codes over certain finite fields},
  author={Reed, Irving S and Solomon, Gustave},
  journal={Journal of the society for industrial and applied mathematics},
  volume={8},
  number={2},
  pages={300--304},
  year={1960},
  publisher={SIAM}
}

@article{gallager1962low,
  title={Low-density parity-check codes},
  author={Gallager, Robert G},
  journal={Information Theory, IRE Transactions on},
  volume={8},
  number={1},
  pages={21--28},
  year={1962},
  publisher={IEEE}
}

@article{ahlswede2000network,
  title={Network Information Flow},
  author={Ahlswede, Rudolf and Cai, Ning and Li, S-YR and Yeung, Raymond W},
  journal={Information Theory, IEEE Transactions on},
  volume={46},
  number={4},
  pages={1204--1216},
  year={2000},
  publisher={IEEE}
}

@inproceedings{luby2002lt,
  author={M. Luby},
  booktitle={Foundations of Computer Science, 2002. Proceedings. The 43rd Annual IEEE   Symposium on},
  title={LT codes},
  year={2002},
  pages={271-280},
  doi={10.1109/SFCS.2002.1181950},
  ISSN={0272-5428},
  month={}
}

@misc{chou2003practical,
  author={Philip A. Chou and Yunnan Wu and Kamal Jain},
  title={Practical Network Coding},
  year={2003}
}

@ARTICLE{koetter2003algebraic,
  author={Koetter, Ralf and M\'edard, Muriel},
  title={An Algebraic Approach to Network Coding},
  journal={IEEE/ACM Trans. Netw.},
  volume={11},
  number={5},
  year={2003},
  issn={1063-6692},
  pages={782--795},
  numpages={14},
  publisher={IEEE Press}
}

@article{shokrollahi2006raptor,
  author={A. Shokrollahi},
  journal={IEEE Transactions on Information Theory},
  title={Raptor codes},
  year={2006},
  volume={52},
  number={6},
  pages={2551-2567},
  doi={10.1109/TIT.2006.874390},
  ISSN={0018-9448},
  month={June}
}

@misc{kodons3link,
  title={Kodo examples for the ns-3 simulator Git repository},
  howpublished={\url{https://github.com/steinwurf/kodo-ns3-examples}},
  note={Accessed: 2016-10-25}
}

@misc{kodons3tutorial,
  title={Kodo-ns3-examples Documentation Read-the-docs Tutorial},
  howpublished={\url{http://kodo-ns3-examples.readthedocs.org/en/latest/}},
  note={Accessed: 2016-10-25}
}

@misc{ns3link,
  title={ns-3 website},
  howpublished={\url{https://www.nsnam.org}},
  note={Accessed: 2016-10-25}
}

@inproceeding{gkantsidis2005network,
  author={Christos Gkantsidis and Pablo Rodriguez},
  booktitle={IEEE INFOCOM},
  number={MSR-TR-2004-80},
  pages={12},
  title={Network Coding for Large Scale Content Distribution},
  year={2005}
}

@article{ho2006random,
  title={A Random Linear Network Coding Approach to Multicast},
  author={Ho, Tracey and M{\'e}dard, Muriel and Koetter, Ralf and Karger, David R and Effros, Michelle and Shi, Jun and Leong, Ben},
  journal={Information Theory, IEEE Transactions on},
  volume={52},
  number={10},
  pages={4413--4430},
  year={2006},
  publisher={IEEE}
}

@book{fitzek2006cooperation,
  title={Cooperation in Wireless Networks: Principles and Applications - Real Egoistic Behaviour is to Cooperate!},
  author={Fitzek, Frank HP and Katz, Marcos D},
  url={https://books.google.dk/books?id=iSWmPZS_yvkC},
  note={Available on 25/10/2016},
  year={2006},
  address={Dordrecht, The Netherlands},
  publisher={Springer}
}
@article{fragouli2006network,
  title={Network coding: an instant primer},
  author={Fragouli, Christina and Le Boudec, Jean-Yves and Widmer, J{\"o}rg},
  journal={ACM SIGCOMM Computer Communication Review},
  volume={36},
  number={1},
  pages={63--68},
  year={2006},
  publisher={ACM}
}

@inproceedings{puducheri2006distributed,
author={S. Puducheri and J. Kliewer and T. E. Fuja},
booktitle={2006 IEEE International Symposium on Information Theory},
title={Distributed LT Codes},
year={2006},
pages={987-991},
doi={10.1109/ISIT.2006.261875},
ISSN={2157-8095},
month={July},}

@book{fitzek2007cognitive,
  author={Fitzek, Frank H. P. and Katz, Marcos D.},
  title={Cognitive Wireless Networks: Concepts, Methodologies and Visions Inspiring the Age of Enlightenment of Wireless Communications},
  year={2007},
  isbn={1402059787, 9781402059780},
  edition={1st},
  publisher={Springer Publishing Company, Incorporated},
}

@article{chachulski2007more,
  author= {Chachulski, Szymon and Jennings, Michael and Katti, Sachin and
  Katabi, Dina},
  title={Trading Structure for Randomness in Wireless Opportunistic
  Routing},
  journal={SIGCOMM Comput. Commun. Rev.},
  volume={37},
  number={4},
  year={2007},
  issn={0146-4833},
  pages={169--180},
  numpages={12},
  publisher={ACM},
  address={New York, NY, USA}
}

@book{fitzek2007mobile,
  title={Mobile Phone Programming: and its Application to Wireless Networking},
  author={Fitzek, F.H.P. and Reichert, F.},
  isbn={9781402059698},
  url={https://books.google.dk/books?id=jgEVcfOdQiIC},
  year={2007},
  publisher={Springer Netherlands}
}

@article{eryilmaz2008delay,
  title={On the Delay and Throughput Gains of Coding in Unreliable Networks},
  author={Eryilmaz, Atilla and Ozdaglar, Asuman and M{\'e}dard, Muriel and Ahmed, Ebad},
  journal={Information Theory, IEEE Transactions on},
  volume={54},
  number={12},
  pages={5511--5524},
  year={2008},
  publisher={IEEE}
}

@inproceedings{ravi2008context,
  author={N. Ravi and J. Scott and L. Han and L. Iftode},
  booktitle={Pervasive Computing and Communications, 2008. PerCom 2008. Sixth Annual IEEE International Conference on},
  title={Context-aware Battery Management for Mobile Phones},
  year={2008},
  pages={224-233},
  doi={10.1109/PERCOM.2008.108},
  month={March}
}

@inproceedings{sundararajan2008online,
  author={J. K. Sundararajan and D. Shah and M. Medard},
  booktitle={Information Theory and Its Applications, 2008. ISITA 2008.   International Symposium on},
  title={Online network coding for optimal throughput and delay - the three-  receiver case},
  year={2008},
  pages={1-6},
  doi={10.1109/ISITA.2008.4895447},
  month={Dec}
}

@techreport{ran2008requirements,
  title={Requirements for further advancements for E-UTRA (LTE-Advanced)},
  type={TR},
  number={36.913. Release 8},
  author={3GPP},
  institution={3rd generation partnership project; technical specification
  group: radio access plenary (RAP)},
  year={2009},
  url={http://www.3gpp.org/ftp/Specs/html-info/36913.htm},
  note={Available on 25/10/2016}
}

@inproceedings{heide2009network,
  title={Network Coding for Mobile Devices-Systematic Binary Random Rateless Codes},
  author={Heide, Janus and Pedersen, Morten V and Fitzek, Frank HP and Larsen, Torben},
  booktitle={Communications Workshops, 2009. ICC Workshops 2009. IEEE International Conference on},
  pages={1--6},
  year={2009},
  address={Dresden, Germany},
  organization={IEEE}
}

@inproceedings{lucani2009random,
  title={Random Linear Network Coding for Time Division Duplexing: Field Size Considerations},
  author={Lucani, Daniel Enrique and M{\'e}dard, Muriel and Stojanovic, Milica},
  booktitle={Global Telecommunications Conference, 2009. GLOBECOM 2009. IEEE},
  pages={1--6},
  year={2009},
  address={Honolulu, Hawaii, USA},
  organization={IEEE}
}

@inproceedings{lucani2009queue,
  author={D. E. Lucani and M. Medard and M. Stojanovic},
  booktitle={2009 IEEE International Symposium on Information Theory},
  title={Random linear network coding for time-division duplexing: Queueing analysis},
  year={2009},
  pages={1423-1427},
  doi={10.1109/ISIT.2009.5205888},
  ISSN={2157-8095},
  month={June}
}

@phdthesis{perruci2009energy,
  title="Energy Saving Strategies on Mobile Devices",
  keywords="Energy saving, Mobile phones, wireless cooperative networks",
  author="Perrucci, {Gian Paolo}",
  year="2009",
  isbn="978-87-92328-13-7",
  publisher="Institut for Elektroniske Systemer, Aalborg Universitet",
  address="Denmark"
}

@article{dimakis2010network,
  author={Dimakis, Alexandros G. and Godfrey, P. Brighten and Wu, Yunnan
  and Wainwright, Martin J. and Ramchandran, Kannan},
  title={Network Coding for Distributed Storage Systems},
  journal={IEEE Trans. Inf. Theor.},
  date={September 2010},
  volume={56},
  number={9},
  year={2010},
  issn={0018-9448},
  pages={4539--4551},
  numpages={13},
  publisher={IEEE Press}
}

@inproceedings{lucani2010online,
  author={D. E. Lucani and M. Medard and M. Stojanovic},
  booktitle={Global Telecommunications Conference (GLOBECOM 2010), 2010 IEEE},
  title={Online Network Coding for Time-Division Duplexing},
  year={2010},
  pages={1-6},
  doi={10.1109/GLOCOM.2010.5683892},
  ISSN={1930-529X},
  month={Dec}
}


@inproceedings{li2011singularity,
  title={Singularity probability analysis for sparse random linear network coding},
  author={Li, Xiaolin and Mow, Wai Ho and Tsang, Fai-Lung},
  booktitle={Communications (ICC), 2011 IEEE International Conference on},
  pages={1--5},
  year={2011},
  address={Kyoto, Japan},
  organization={IEEE}
}

@inproceedings{heide2011code,
  title={On code parameters and coding vector representation for practical rlnc},
  author={Heide, Janus and Pedersen, Morten Videb{\ae}k and Fitzek, Frank HP and M{\'e}dard, Muriel},
  booktitle={Communications (ICC), 2011 IEEE International Conference on},
  pages={1--5},
  year={2011},
  address={Kyoto, Japan},
  organization={IEEE}
}

@INCOLLECTION{kodo2011pedersen,
  year={2011},
  isbn={978-3-642-23040-0},
  booktitle={Networking 2011 Workshops},
  volume={6827},
  series={Lecture Notes in Computer Science},
  doi={10.1007/978-3-642-23041-7-15},
  title={Kodo: An Open and Research Oriented Network Coding Library},
  publisher={Valencia, Spain},
  keywords={Network Coding; Implementation},
  author={Pedersen, M.V. and Heide, Janus and Fitzek, F.H.P.},
  pages={145-152},
  language={English}
}

@techreport{embms2011general,
  title={Multimedia broadcast/Multicast service (MBMS); Protocols and codecs},
  type={TR},
  number={26.346. Release 10},
  author={3GPP},
  institution={3rd generation partnership project; technical specification
  group: service and system aspects (SA)},
  year={2011},
  url={http://www.3gpp.org/ftp/Specs/html-info/26346.htm},
  note={Available on 3/11/2016}
}

@techreport{qualcomm2011raptorq,
  title={RaptorQ Forward Error Correction Scheme for Object Delivery},
  type={Internet RFC (Request for Comments)},
  number={6330},
  author={M. Luby and A. Shokrollahi and M. Watson and T. Stockhammer and L. Minder},
  issn = {2070-1721},
  publisher = {RFC Editor},
  institution={Internet Engineering Task Force; Standards Track},
  year={2011},
  url={https://tools.ietf.org/html/rfc6330},
  note={Available on 3/11/2016}
}

@article{trullols2011exact,
  title={Exact Decoding Probability Under Random Linear Network Coding},
  author={Trullols-Cruces, Oscar and Barcelo-Ordinas, Jose M and Fiore, Marco},
  journal={Communications Letters, IEEE},
  volume={15},
  number={1},
  pages={67--69},
  year={2011},
  publisher={IEEE}
}

@article{zhao2012notes,
  title={Notes on "Exact Decoding Probability Under Random Linear Network Coding"},
  author={Zhao, Xubo},
  journal={Communications Letters, IEEE},
  volume={16},
  number={5},
  pages={720--721},
  year={2012},
  publisher={IEEE}
}

@techreport{3gpp2012prose,
  title={Feasibility Study for Proximity Services (ProSe)},
  type={TR},
  number={22.803. Release 12},
  author={3GPP},
  institution={3rd generation partnership project; technical specification
  group: system aspects (SA)},
  year={2012},
  url={http://www.3gpp.org/ftp/Specs/html-info/22803.htm},
  note={Available on 25/10/2016}
}

@inproceedings{heide2012green,
  title={Green Mobile Clouds: Network Coding and User Cooperation for Improved Energy Efficiency},
  author={Heide, Janus and Fitzek, Frank HP and Pedersen, Morten Videb{\ae}k and Katz, Marcos},
  booktitle={Cloud Networking (CLOUDNET), 2012 IEEE 1st International Conference on},
  pages={111--118},
  year={2012},
  address={Paris, France},
  organization={IEEE}
}

@article{fitzek2013implementation,
  author={F. H. P. Fitzek and J. Heide and M. V. Pedersen and M. Katz},
  journal={IEEE Signal Processing Magazine},
  title={Implementation of Network Coding for Social Mobile Clouds},
  year={2013},
  volume={30},
  number={1},
  pages={159-164},
  doi={10.1109/MSP.2012.2219673},
  ISSN={1053-5888},
  month={Jan}
}

@article{lin2013comprehensive,
  title={A comprehensive framework for device-to-device communications in cellular networks},
  author={Lin, Xingqin and Andrews, Jeffrey G and Ghosh, Amitava},
  journal={arXiv preprint ArXiv:1305.4219},
  year={2013}
}

@book{fitzek2013mobile,
  title={Mobile Clouds: Exploiting Distributed Resources in Wireless, Mobile and Social Networks},
  author={Fitzek, F.H.P. and Katz, M.D.},
  isbn={9781118801444},
  lccn={2013032067},
  url={https://books.google.dk/books?id=s2lXAgAAQBAJ},
  note={Available on 15/12/2015},
  year={2013},
  address={Hoboken, New Jersey, USA},
  publisher={Wiley}
}

@inproceedings{heide2013perpetual,
  title={A perpetual code for network coding},
  author={Heide, Janus and Pedersen, Morten Videb{\ae}k and Fitzek, Frank and M{\'e}dard, Muriel},
  booktitle={Vehicular Technology Conference (VTC Spring), 2014 IEEE 79th },
  pages={1--6},
  year={2014},
  organization={IEEE}
}

@article{paramanathan2013lean,
  title={Lean and mean: network coding for commercial devices},
  author={Paramanathan, Achuthan and Pedersen, Morten Videb{\ae}k and Lucani, Daniel E and Fitzek, Frank HP and Katz,
  Marcos},
  journal={Wireless Communications, IEEE},
  volume={20},
  number={5},
  pages={54--61},
  year={2013},
  publisher={IEEE}
}

@inproceedings{khamfroush2013minimizing,
  title={Minimizing the Completion Time of a Wireless Cooperative Network Using Network Coding},
  author={Khamfroush, Hana and Lucani, Daniel E and Barros, Jo{\~a}o},
  booktitle={Personal Indoor and Mobile Radio Communications (PIMRC), 2013 IEEE 24th International Symposium on},
  pages={2016--2020},
  year={2013},
  address={London, UK},
  organization={IEEE}
}

@inproceedings{condoluci2013multicasting,
  title={Multicasting in LTE-A networks enhanced by device-to-device communications},
  author={Condoluci, Massimo and Militano, Leonardo and Araniti, Giuseppe and Molinaro, Antonella and Iera, Antonio},
  booktitle={Globecom Workshops (GC Wkshps), 2013 IEEE},
  pages={567--572},
  year={2013},
  address={Atlanta, Georgia, USA},
  organization={IEEE}
}

@article{chiti2013optimized,
  title={Optimized random network coding for reliable multicast communications},
  author={Chiti, Francesco and Fantacci, Romano and Schoen, Fabio and Tassi, Andrea},
  journal={Communications Letters, IEEE},
  volume={17},
  number={8},
  pages={1624--1627},
  year={2013},
  publisher={IEEE}
}

@inproceedings{pahlevani2013play,
  author={P. Pahlevani and D. E. Lucani and M. V. Pedersen and F. H. P. Fitzek},
  booktitle={2013 IEEE Globecom Workshops (GC Wkshps)},
  title={PlayNCool: Opportunistic network coding for local optimization of routing in   wireless mesh networks},
  year={2013},
  pages={812-817},
  doi={10.1109/GLOCOMW.2013.6825089},
  ISSN={2166-0077},
  month={Dec},
}

@article{vukobratovic2014random,
  author={D. Vukobratović and C. Khirallah and V. Stanković and J. S. Thompson},
  journal={IEEE Transactions on Multimedia},
  title={Random Network Coding for Multimedia Delivery Services in LTE/LTE-Advanced},
  year={2014},
  volume={16},
  number={1},
  pages={277-282},
  doi={10.1109/TMM.2013.2282129},
  ISSN={1520-9210},
  month={Jan}
}

@article{asadi2014survey,
  author={A. Asadi and Q. Wang and V. Mancuso},
  journal={IEEE Communications Surveys Tutorials},
  title={A Survey on Device-to-Device Communication in Cellular Networks},
  year={2014},
  volume={16},
  number={4},
  pages={1801-1819},
  doi={10.1109/COMST.2014.2319555},
  ISSN={1553-877X},
  month={Fourthquarter}
}

@article{feng2014device,
  author={D. Feng and L. Lu and Y. Yuan-Wu and G. Y. Li and S. Li and G. Feng},
  journal={IEEE Communications Magazine},
  title={Device-to-device communications in cellular networks},
  year={2014},
  volume={52},
  number={4},
  pages={49-55},
  doi={10.1109/MCOM.2014.6807946},
  ISSN={0163-6804},
  month={April}
}

@article{fodor2014design,
  author={G. Fodor and E. Dahlman and G. Mildh and S. Parkvall and N. Reider and G. Miklós   and Z. Turányi},
  journal={IEEE Communications Magazine},
  title={Design aspects of network assisted device-to-device communications},
  year={2012},
  volume={50},
  number={3},
  pages={170-177},
  doi={10.1109/MCOM.2012.6163598},
  ISSN={0163-6804},
  month={March}
}

@article{lauridsen2014empirical,
  title={An Empirical LTE Smartphone Power Model with a View to Energy Efficiency Evolution},
  author={Lauridsen, Mads and No{\"e}l, Laurent and S{\o}rensen, Troels B and Mogensen, Preben},
  journal={Intel Technology Journal},
  volume={18},
  number={1},
  pages={172--193},
  year={2014}
}

@inproceedings{paramanathan2014sharing,
  title={Sharing the Pi: Testbed Description and Performance Evaluation of Network Coding on the Raspberry Pi},
  author={Paramanathan, Achuthan and Pahlevani, Peyman and Thorsteinsson, Simon and Hundeb{\o}ll, Martin and Lucani, Daniel and Fitzek, Frank},
  booktitle={2014 IEEE 79th Vehicular Technology Conference},
  pages={1--5},
  address={Seoul, South Korea},
  year={2014}
}

@inproceedings{khamfroush2014coded,
  title={On the coded packet relay network in the presence of neighbors: Benefits of speaking in a crowded room},
  author={Khamfroush, Hana and Pahlevani, Peyman and Lucani, Daniel E and Hundeboll, Martin and Fitzek, Frank HP},
  booktitle={Communications (ICC), 2014 IEEE International Conference on},
  pages={1928--1933},
  year={2014},
  address={Sydney, Australia},
  organization={IEEE}
}

@article{tehrani2014device,
  author={M. N. Tehrani and M. Uysal and H. Yanikomeroglu},
  journal={IEEE Communications Magazine},
  title={Device-to-device communication in 5G cellular networks: challenges, solutions, and future directions},
  year={2014},
  volume={52},
  number={5},
  pages={86-92},
  doi={10.1109/MCOM.2014.6815897},
  ISSN={0163-6804},
  month={May}
}

@article{kim2014modeling,
  author={Kim, MinJi and Klein, T. and Soljanin, E. and
  Barros, J. and M\'edard, M.},
  journal={Mobile Networks and Applications },
  title={Modeling Network Coded TCP: Analysis of Throughput and Energy Cost},
  year={2014},
  month={December},
  volume={19},
  number={6},
  pages={790 - 803},
  ISSN={1383-469X}
}

@inproceedings{militano2014wi,
  title={Wi-Fi cooperation or D2D-based multicast content distribution in LTE-A: A comparative analysis},
  author={Militano, Leonardo and Condoluci, Massimo and Araniti, Giuseppe and Molinaro, Antonella and Iera, Antonio
  and Fitzek, Frank HP},
  booktitle={Communications Workshops (ICC), 2014 IEEE International Conference on},
  pages={296--301},
  year={2014},
  address={Sydney, Australia},
  organization={IEEE}
}

@article{militano2014d2d,
  title={When D2D communication improves group oriented services in beyond 4G networks},
  author={Militano, Leonardo and Condoluci, Massimo and Araniti, Giuseppe and Molinaro, Antonella and Iera, Antonio},
  journal={Wireless Networks},
  volume={21},
  number={4},
  pages={1363--1377},
  year={2014},
  publisher={Springer US}
}

@article{lucani2014fulcrum,
  title={Fulcrum Network Codes: A Code for Fluid Allocation of Complexity},
  author={Lucani, Daniel E and Pedersen, Morten V and Heide, Janus and Fitzek, Frank HP},
  journal={arXiv preprint arXiv:1404.6620},
  year={2014}
}

@inbook{hernandez2014throughput,
  title="On the Throughput and Energy Benefits of Network Coded Cooperation",
  publisher="IEEE",
  author="Nestor Hernandez and Janus Heide and Lucani, {Daniel Enrique} and Frank Fitzek",
  year="October 2014",
  doi="10.1109/CloudNet.2014.6968982",
  isbn="978-1-4799-2730-2",
  series="IEEE International Conference on Cloud Networking (Cloudnet)",
  pages="138 - 142",
  booktitle="Cloud Networking (CloudNet), 2014 IEEE 3rd International Conference on",
}

@inproceedings{lucani2014coping,
  title={Coping with the Upcoming Heterogeneity in 5G Communications and Storage Using Fulcrum Network Codes},
  author={D. E. Lucani and M. V. Pedersen and J. Heide and F. H.P. Fitzek},
  booktitle={Int. Symp. on Wireless Comm. Systems (ISWCS)},
  location={Barcelona, Spain},
  year={2014}
}

@article{abrardo2015network,
  author={Abrardo, Andrea and Fodor, Gabor and Tola, Besmir},
  booktitle={Vehicular Technology Conference (VTC Spring), 2014 IEEE 79th },
  pages={1--6},
  year={2014},
  organization={IEEE}
}

@inproceedings{toemoeskoezi2015packet,
  author={M. Toemoeskoezi and F. H. P. Fitzek and D. E. Lucani and M. V. Pedersen and P.   Seeling and P. Ekler},
  booktitle={European Wireless 2015; 21th European Wireless Conference; Proceedings of},
  title={On the Packet Delay Characteristics for Serially-Connected Links using Random   Linear Network Coding with and without Recoding},
  year={2015},
  pages={1-6},
  month={May}
}

@article{tassi2015resource,
  title={Resource-Allocation Frameworks for Network-Coded Layered Multimedia Multicast Services},
  author={Tassi, Andrea and Chatzigeorgiou, Ioannis and Vukobratovic, Dejan},
  journal={Selected Areas in Communications, IEEE Journal on},
  volume={33},
  number={2},
  pages={141--155},
  year={2015},
  publisher={IEEE}
}

@article{militano2015single,
  title={Single Frequency-Based Device-to-Device-Enhanced Video Delivery for Evolved Multimedia Broadcast and
  Multicast Services},
  author={Militano, Leonardo and Condoluci, Massimo and Araniti, Giuseppe and Molinaro, Antonella and Iera, Antonio
  and  Muntean, M},
  journal={IEEE Transactions on Broadcasting},
  volume={61},
  number={2},
  pages={263--278},
  year={2015},
  publisher={IEEE}
}

@article{khamfroush2015optimal,
  title={On Optimal Policies for Network Coded Cooperation: Theory and Implementation},
  author={Khamfroush, Hana and Lucani, Daniel Enrique and Pahlevani, Peyman and Barros, Jo{\~a}o},
  volume={33},
  number={2},
  pages={199--212},
  journal={IEEE Journal on Selected Areas in Communications},
  year={2015}
}

@inproceedings{heidelucani2015composite,
  title={Composite Extension Finite Fields for Low Overhead Network Coding: Telescopic Codes},
  organization="IEEE",
  author={Heide, Janus and Lucani, {Daniel Enrique}},
  address={London, UK},
  pages={4505--4510},
  year={2015},
  booktitle={IEEE International Conference on Communications (ICC)}
}

@inproceedings{kremling2015presentation,
  author= {Kremling, Hartmut},
  title={Innovation at Vodafone: 5G and the Internet of Things},
  booktitle={Vodafone Annual Meeting},
  address={Dresden, Germany},
  year={2015}
}

@techreport{ericsson2015report,
  title={Ericsson Mobility Report: On the Pulse of Networked Society},
  type={Technical Report},
  author={Ericsson},
  institution={Ericsson Strategy Office and ConsumerLab},
  year={2015},
  url={https://www.ericsson.com/mobility-report},
  note={Available on 25/10/2016}
}

@misc{cisco2016forecast,
  title={Cisco Visual Networking Index: Global Traffic Forecast 2015-2020, White Paper},
  howpublished={\url{http://www.cisco.com/c/dam/en/us/solutions/collateral/service-provider/visual-networking-index-vni/complete-white-paper-c11-481360.pdf}},
  note={Accessed: 2016-10-25}
}

@techreport{belllabs2016report,
  title={Nokia Bell-Labs Mobility Traffic Report},
  type={Technical Report},
  author={Bell-Labs},
  institution={Nokia Bell-Labs Consulting and Research Group},
  year={2016},
  url={https://pages.nokia.com/1503.bell-labs-mobility-report.html},
  note={Available on 25/10/2016}
}